<record><leader>00000cas a22000007a 4500</leader><controlfield tag="001">23199931</controlfield><controlfield tag="008">910307d19331942couwr ne      0    0ger d</controlfield><datafield ind1=" " ind2=" " tag="010"><subfield code="a">sn 91052276 </subfield></datafield><datafield ind1=" " ind2=" " tag="040"><subfield code="a">CNQ</subfield><subfield code="b">eng</subfield><subfield code="c">CNQ</subfield><subfield code="d">OCL</subfield><subfield code="d">OCLCQ</subfield><subfield code="d">OCLCF</subfield><subfield code="d">OCLCO</subfield></datafield><datafield ind1="1" ind2=" " tag="029"><subfield code="a">AU@</subfield><subfield code="b">000025864672</subfield></datafield><datafield ind1="1" ind2=" " tag="041"><subfield code="a">ger</subfield><subfield code="h">eng</subfield></datafield><datafield ind1=" " ind2=" " tag="042"><subfield code="a">msc</subfield></datafield><datafield ind1=" " ind2=" " tag="043"><subfield code="a">n-us-co</subfield><subfield code="a">n-us-nb</subfield></datafield><datafield ind1="0" ind2=" " tag="130"><subfield code="a">Colorado herold (Denver, Colo. : 1933)</subfield></datafield><datafield ind1="1" ind2="0" tag="245"><subfield code="a">Colorado herold.</subfield></datafield><datafield ind1="3" ind2="0" tag="246"><subfield code="a">Sunday Colorado herold</subfield></datafield><datafield ind1=" " ind2=" " tag="260"><subfield code="a">Denver, Colo. :</subfield><subfield code="b">Germanic Pub. Co.</subfield></datafield><datafield ind1=" " ind2=" " tag="300"><subfield code="a">v.</subfield></datafield><datafield ind1=" " ind2=" " tag="310"><subfield code="a">Weekly</subfield></datafield><datafield ind1="0" ind2=" " tag="362"><subfield code="a">68. Jahr., no. 14 (Apr. 2, 1933)-75th year, no. 39 (Sept. 27, 1942).</subfield></datafield><datafield ind1=" " ind2=" " tag="500"><subfield code="a">Also distributed in Nebraska.</subfield></datafield><datafield ind1=" " ind2=" " tag="530"><subfield code="a">Available on microfilm from the Colorado Historical Society.</subfield></datafield><datafield ind1=" " ind2=" " tag="546"><subfield code="a">In German and English.</subfield></datafield><datafield ind1=" " ind2="0" tag="650"><subfield code="a">Russian Germans</subfield><subfield code="z">Colorado</subfield><subfield code="v">Newspapers.</subfield></datafield><datafield ind1=" " ind2="0" tag="650"><subfield code="a">Germans</subfield><subfield code="z">Colorado</subfield><subfield code="v">Newspapers.</subfield></datafield><datafield ind1=" " ind2="0" tag="650"><subfield code="a">Russian Germans</subfield><subfield code="z">Nebraska</subfield><subfield code="v">Newspapers.</subfield></datafield><datafield ind1=" " ind2="7" tag="655"><subfield code="a">Newspapers.</subfield><subfield code="2">fast</subfield><subfield code="0">(OCoLC)fst01423814</subfield></datafield><datafield ind1=" " ind2="7" tag="650"><subfield code="a">Germans.</subfield><subfield code="2">fast</subfield><subfield code="0">(OCoLC)fst00942100</subfield></datafield><datafield ind1=" " ind2="7" tag="650"><subfield code="a">Russian Germans.</subfield><subfield code="2">fast</subfield><subfield code="0">(OCoLC)fst01101981</subfield></datafield><datafield ind1=" " ind2="7" tag="651"><subfield code="a">Colorado.</subfield><subfield code="2">fast</subfield><subfield code="0">(OCoLC)fst01210251</subfield></datafield><datafield ind1=" " ind2="7" tag="651"><subfield code="a">Nebraska.</subfield><subfield code="2">fast</subfield><subfield code="0">(OCoLC)fst01208998</subfield></datafield><datafield ind1=" " ind2=" " tag="752"><subfield code="a">United States</subfield><subfield code="b">Colorado</subfield><subfield code="c">Denver</subfield><subfield code="d">Denver.</subfield></datafield><datafield ind1="0" ind2="0" tag="780"><subfield code="t">Sunday Colorado herold (Denver, Colo. : 1922)</subfield><subfield code="w">(DLC)sn 91052275</subfield></datafield></record>